@article{alonso-et-al,
  title={Analytical methods in untargeted metabolomics: state of the art in 2015},
  author={Alonso, Arnald and Marsal, Sara and Juli{\`a}, Antonio},
  journal={Frontiers in bioengineering and biotechnology},
  volume={3},
  pages={23},
  year={2015},
  publisher={Frontiers}
}

@article{blei_2012,
  title={Probabilistic topic models},
  author={Blei, David M},
  journal={Communications of the ACM},
  volume={55},
  number={4},
  pages={77--84},
  year={2012},
  publisher={ACM}
}

@article{hooft,
  title={Topic modeling for untargeted substructure exploration in metabolomics},
  author={van der Hooft, Justin Johan Jozias and Wandy, Joe and Barrett, Michael P and Burgess, Karl EV and Rogers, Simon},
  journal={Proceedings of the National Academy of Sciences},
  pages={201608041},
  year={2016},
  publisher={National Acad Sciences}
}

@article{palmer,
  title={FDR-controlled metabolite annotation for high-resolution imaging mass spectrometry},
  author={Palmer, Andrew and Phapale, Prasad and Chernyavsky, Ilya and Lavigne, Regis and Fay, Dominik and Tarasov, Artem and Kovalev, Vitaly and Fuchser, Jens and Nikolenko, Sergey and Pineau, Charles and others},
  journal={Nature Methods},
  year={2016},
  publisher={Nature Research}
}

@article{blei_2003,
  title={Latent dirichlet allocation},
  author={Blei, David M and Ng, Andrew Y and Jordan, Michael I},
  journal={Journal of machine Learning research},
  volume={3},
  number={Jan},
  pages={993--1022},
  year={2003}
}