
_____________________________________________________________________
SSMSI

MSI DATA
- Metabolomics feature pre-processing
-- Feature normalisation
@article{alonso2015analytical,
  title={Analytical methods in untargeted metabolomics: state of the art in 2015},
  author={Alonso, Arnald and Marsal, Sara and Juli{\`a}, Antonio},
  journal={Frontiers in bioengineering and biotechnology},
  volume={3},
  pages={23},
  year={2015},
  publisher={Frontiers}
}

MSI DATA PRE-PROCESSING
- Linear baseline scaling
- Link to Bolstad
@article{kohl2012state,
  title={State-of-the art data normalization methods improve NMR-based metabolomic analysis},
  author={Kohl, Stefanie M and Klein, Matthias S and Hochrein, Jochen and Oefner, Peter J and Spang, Rainer and Gronwald, Wolfram},
  journal={Metabolomics},
  volume={8},
  number={1},
  pages={146--160},
  year={2012},
  publisher={Springer}
}

MSI DATA PRE-PROCESSING
- NORMALISATION
-- Linear baseline scaling
@article{bolstad2003comparison,
  title={A comparison of normalization methods for high density oligonucleotide array data based on variance and bias},
  author={Bolstad, Benjamin M and Irizarry, Rafael A and {\AA}strand, Magnus and Speed, Terence P.},
  journal={Bioinformatics},
  volume={19},
  number={2},
  pages={185--193},
  year={2003},
  publisher={Oxford Univ Press}
}

MSI DATA PRE-PROCESSING
- BINNING
@article{craig2006scaling,
  title={Scaling and normalization effects in NMR spectroscopic metabonomic data sets},
  author={Craig, Andrew and Cloarec, Olivier and Holmes, Elaine and Nicholson, Jeremy K and Lindon, John C},
  journal={Analytical chemistry},
  volume={78},
  number={7},
  pages={2262--2267},
  year={2006},
  publisher={ACS Publications}
}

MSI DATA PRE-PROCESSING
- ADVANCED BINNING
@article{de2008nmr,
  title={NMR-based characterization of metabolic alterations in hypertension using an adaptive, intelligent binning algorithm},
  author={De Meyer, Tim and Sinnaeve, Davy and Van Gasse, Bjorn and Tsiporkova, Elena and Rietzschel, Ernst R and De Buyzere, Marc L and Gillebert, Thierry C and Bekaert, Sofie and Martins, Jos{\'e} C and Van Criekinge, Wim},
  journal={Analytical Chemistry},
  volume={80},
  number={10},
  pages={3783--3790},
  year={2008},
  publisher={ACS Publications}
}

% MSI SPATIAL SMOOTHING
@article{palmer2016fdr,
  title={FDR-controlled metabolite annotation for high-resolution imaging mass spectrometry},
  author={Palmer, Andrew and Phapale, Prasad and Chernyavsky, Ilya and Lavigne, Regis and Fay, Dominik and Tarasov, Artem and Kovalev, Vitaly and Fuchser, Jens and Nikolenko, Sergey and Pineau, Charles and others},
  journal={Nature Methods},
  year={2016},
  publisher={Nature Research}
}

DATA NOISINESS 
- (INTENSITY LOWER THRESHOLD)
@article{smith2014proteomics,
  title={Proteomics, lipidomics, metabolomics: a mass spectrometry tutorial from a computer scientist's point of view},
  author={Smith, Rob and Mathis, Andrew D and Ventura, Dan and Prince, John T},
  journal={BMC bioinformatics},
  volume={15},
  number={7},
  pages={S9},
  year={2014},
  publisher={BioMed Central}
}

MSI INFERENCE
- LDA
@article{van2016topic,
  title={Topic modeling for untargeted substructure exploration in metabolomics},
  author={van der Hooft, Justin Johan Jozias and Wandy, Joe and Barrett, Michael P and Burgess, Karl EV and Rogers, Simon},
  journal={Proceedings of the National Academy of Sciences},
  pages={201608041},
  year={2016},
  publisher={National Acad Sciences}
}

LDA
- Gibbs sampling
@article{griffiths2004finding,
  title={Finding scientif ic topics},
  author={Griffiths, Thomas L and Steyvers, Mark},
  journal={Proceedings of the National academy of Sciences},
  volume={101},
  number={suppl 1},
  pages={5228--5235},
  year={2004},
  publisher={National Acad Sciences}
}

% LDA
% - original
@article{blei2003latent,
  title={Latent dirichlet allocation},
  author={Blei, David M and Ng, Andrew Y and Jordan, Michael I},
  journal={Journal of machine Learning research},
  volume={3},
  number={Jan},
  pages={993--1022},
  year={2003}
}

% DTM
@inproceedings{blei2006dynamic,
  title={Dynamic topic models},
  author={Blei, David M and Lafferty, John D},
  booktitle={Proceedings of the 23rd international conference on Machine learning},
  pages={113--120},
  year={2006},
  organization={ACM}
}

% Seq LDA
@article{du2012sequential,
  title={Sequential latent Dirichlet allocation},
  author={Du, Lan and Buntine, Wray and Jin, Huidong and Chen, Changyou},
  journal={Knowledge and information systems},
  volume={31},
  number={3},
  pages={475--503},
  year={2012},
  publisher={Springer}
}

% Topic modelling
% - Survey
@article{blei2012probabilistic,
  title={Probabilistic topic models},
  author={Blei, David M},
  journal={Communications of the ACM},
  volume={55},
  number={4},
  pages={77--84},
  year={2012},
  publisher={ACM}
}


_____________________________________________________________________
SAMPLING

@article{chen2015differential,
  title={Differential topic models},
  author={Chen, Changyou and Buntine, Wray and Ding, Nan and Xie, Lexing and Du, Lan},
  journal={IEEE transactions on pattern analysis and machine intelligence},
  volume={37},
  number={2},
  pages={230--242},
  year={2015},
  publisher={IEEE}
}
@inproceedings{shamanta2015concurrent,
  title={Concurrent inference of topic models and distributed vector representations},
  author={Shamanta, Debakar and Naim, Sheikh Motahar and Saraf, Parang and Ramakrishnan, Naren and Hossain, M Shahriar},
  booktitle={Joint European Conference on Machine Learning and Knowledge Discovery in Databases},
  pages={441--457},
  year={2015},
  organization={Springer}
}

_____________________________________________________________________
TOPIC MODELLING

@article{barnard2003matching,
  title={Matching words and pictures},
  author={Barnard, Kobus and Duygulu, Pinar and Forsyth, David and Freitas, Nando de and Blei, David M and Jordan, Michael I},
  journal={Journal of machine learning research},
  volume={3},
  number={Feb},
  pages={1107--1135},
  year={2003}
}

@inproceedings{mcauliffe2008supervised,
  title={Supervised topic models},
  author={Mcauliffe, Jon D and Blei, David M},
  booktitle={Advances in neural information processing systems},
  pages={121--128},
  year={2008}
}

@inproceedings{blei2003modeling,
  title={Modeling annotated data},
  author={Blei, David M and Jordan, Michael I},
  booktitle={Proceedings of the 26th annual international ACM SIGIR conference on Research and development in informaion retrieval},
  pages={127--134},
  year={2003},
  organization={ACM}
}

_____________________________________________________________________
SUPPLEMENTARY

@inproceedings{krizhevsky2012imagenet,
  title={Imagenet classification with deep convolutional neural networks},
  author={Krizhevsky, Alex and Sutskever, Ilya and Hinton, Geoffrey E},
  booktitle={Advances in neural information processing systems},
  pages={1097--1105},
  year={2012}
}

@article{mikolov2013efficient,
  title={Efficient estimation of word representations in vector space},
  author={Mikolov, Tomas and Chen, Kai and Corrado, Greg and Dean, Jeffrey},
  journal={arXiv preprint arXiv:1301.3781},
  year={2013}
}

@inproceedings{kottur2016visual,
  title={Visual word2vec (vis-w2v): Learning visually grounded word embeddings using abstract scenes},
  author={Kottur, Satwik and Vedantam, Ramakrishna and Moura, Jos{\'e} MF and Parikh, Devi},
  booktitle={Proceedings of the IEEE Conference on Computer Vision and Pattern Recognition},
  pages={4985--4994},
  year={2016}
}

@article{lowe2004distinctive,
  title={Distinctive image features from scale-invariant keypoints},
  author={Lowe, David G},
  journal={International journal of computer vision},
  volume={60},
  number={2},
  pages={91--110},
  year={2004},
  publisher={Springer}
}

@article{simonyan2014very,
  title={Very deep convolutional networks for large-scale image recognition},
  author={Simonyan, Karen and Zisserman, Andrew},
  journal={arXiv preprint arXiv:1409.1556},
  year={2014}
}

@inproceedings{you2015robust,
  title={Robust image sentiment analysis using progressively trained and domain transferred deep networks},
  author={You, Quanzeng and Luo, Jiebo and Jin, Hailin and Yang, Jianchao},
  booktitle={Proceedings of the Twenty-Ninth AAAI Conference on Artificial Intelligence},
  pages={381--388},
  year={2015},
  organization={AAAI Press}
}
_____________________________________________________________________
ANNOTATION

- Citations: 463
- CLASSIFICATION, ANNOTATION
@inproceedings{Wang2009simultaneous,
  title={Simultaneous image classification and annotation},
  author={Chong, Wang and Blei, David and Li, Fei-Fei},
  booktitle={Computer Vision and Pattern Recognition, 2009. CVPR 2009. IEEE Conference on},
  pages={1903--1910},
  year={2009},
  organization={IEEE}
}

- Citations: 6
- CLASSIFICATION
@article{philbin2011geometric,
  title={Geometric latent dirichlet allocation on a matching graph for large-scale image datasets},
  author={Philbin, James and Sivic, Josef and Zisserman, Andrew},
  journal={International journal of computer vision},
  volume={95},
  number={2},
  pages={138--153},
  year={2011},
  publisher={Springer}
}

- Citations: 3
- ACTIVITY MODELLING, ACTION RECOGNITION
-- N-grams highlight for SSMSI
- References to follow: 24, 25
@inproceedings{tavenard2013time,
  title={Time-sensitive topic models for action recognition in videos},
  author={Tavenard, Romain and Emonet, Remi and Odobez, Jean-Marc},
  booktitle={Image Processing (ICIP), 2013 20th IEEE International Conference on},
  pages={2988--2992},
  year={2013},
  organization={IEEE}
}

- Citations: 0
- OBJECT RECOGNITION, GRAPHIC MODELS
- TODO: Extract key papers
- TODO: Consider referencing in the fourth paragraph
@article{yao2016discriminative,
  title={Discriminative sequential association latent dirichlet allocation for visual recognition},
  author={Yao, Ting-Ting and Xie, Zhao and Gao, Jun and Wang, Chi},
  journal={Pattern Analysis and Applications},
  volume={19},
  number={3},
  pages={719--730},
  year={2016},
  publisher={Springer}
}

- Citations: 8
-- Multi-modal
@article{wang2014image,
  title={Image tag refinement by regularized latent Dirichlet allocation},
  author={Wang, Jingdong and Zhou, Jiazhen and Xu, Hao and Mei, Tao and Hua, Xian-Sheng and Li, Shipeng},
  journal={Computer Vision and Image Understanding},
  volume={124},
  pages={61--70},
  year={2014},
  publisher={Elsevier}
}


- Citations 21
- ANNOTATION
- Note: SIFT Supplement [9]
@inproceedings{putthividhya2010supervised,
  title={Supervised topic model for automatic image annotation},
  author={Putthividhya, Duangmanee and Attias, Hagai Thomas and Nagarajan, Srikantan S},
  booktitle={Acoustics Speech and Signal Processing (ICASSP), 2010 IEEE International Conference on},
  pages={1894--1897},
  year={2010},
  organization={IEEE}
}

- Citations: 50
- ANNOTATION
- todo
@inproceedings{yakhnenko2008annotating,
  title={Annotating images and image objects using a hierarchical dirichlet process model},
  author={Yakhnenko, Oksana and Honavar, Vasant},
  booktitle={Proceedings of the 9th International Workshop on Multimedia Data Mining: held in conjunction with the ACM SIGKDD 2008},
  pages={1--7},
  year={2008},
  organization={ACM}
}



_____________________________________________________________________
MULTI-MODAL DATA

- Citations: 95
@inproceedings{jia2011learning,
  title={Learning cross-modality similarity for multinomial data},
  author={Jia, Yangqing and Salzmann, Mathieu and Darrell, Trevor},
  booktitle={Computer Vision (ICCV), 2011 IEEE International Conference on},
  pages={2407--2414},
  year={2011},
  organization={IEEE}
}

@inproceedings{putthividhy2010topic,
  title={Topic regression multi-modal latent dirichlet allocation for image annotation},
  author={Putthividhy, Duangmanee and Attias, Hagai T and Nagarajan, Srikantan S},
  booktitle={Computer Vision and Pattern Recognition (CVPR), 2010 IEEE Conference on},
  pages={3408--3415},
  year={2010},
  organization={IEEE}
}

- Citations: 24
- ANNOTATION
@inproceedings{zheng2014topic,
  title={Topic modeling of multimodal data: an autoregressive approach},
  author={Zheng, Yin and Zhang, Yu-Jin and Larochelle, Hugo},
  booktitle={Proceedings of the IEEE Conference on Computer Vision and Pattern Recognition},
  pages={1370--1377},
  year={2014}
}

- Citations: 6
- ANNOTATION
- Extended version of 2014 (above)
@article{zheng2016deep,
  title={A deep and autoregressive approach for topic modeling of multimodal data},
  author={Zheng, Yin and Zhang, Yu-Jin and Larochelle, Hugo},
  journal={IEEE transactions on pattern analysis and machine intelligence},
  volume={38},
  number={6},
  pages={1056--1069},
  year={2016},
  publisher={IEEE}
}

- Citations: 12
- ANNOTATION
@inproceedings{nguyen2010feature,
  title={A feature-word-topic model for image annotation},
  author={Nguyen, Cam-Tu and Kaothanthong, Natsuda and Phan, Xuan-Hieu and Tokuyama, Takeshi},
  booktitle={Proceedings of the 19th ACM international conference on Information and knowledge management},
  pages={1481--1484},
  year={2010},
  organization={ACM}
}

- Citations: 34 
- LOCALISATION
@inproceedings{shi2013bayesian,
  title={Bayesian joint topic modelling for weakly supervised object localisation},
  author={Shi, Zhiyuan and Hospedales, Timothy M and Xiang, Tao},
  booktitle={Proceedings of the IEEE International Conference on Computer Vision},
  pages={2984--2991},
  year={2013}
}

________________________________________________________________
SOCIAL MEDIA

@inproceedings{mcauley2012image,
  title={Image labeling on a network: using social-network metadata for image classification},
  author={McAuley, Julian and Leskovec, Jure},
  booktitle={European conference on computer vision},
  pages={828--841},
  year={2012},
  organization={Springer}
}

@inproceedings{denoyer2010ranking,
  title={A Ranking Based Model for Automatic Image Annotation in a Social Network.},
  author={Denoyer, Ludovic and Gallinari, Patrick},
  booktitle={ICWSM},
  year={2010}
}

- Citations: 17
- ANNOTATION
- todo: look into relation topic models
@inproceedings{niu2014semi,
  title={Semi-supervised relational topic model for weakly annotated image recognition in social media},
  author={Niu, Zhenxing and Hua, Gang and Gao, Xinbo and Tian, Qi},
  booktitle={Proceedings of the IEEE Conference on Computer Vision and Pattern Recognition},
  pages={4233--4240},
  year={2014}
}

@inproceedings{wang2012tm,
  title={TM-LDA: efficient online modeling of latent topic transitions in social media},
  author={Wang, Yu and Agichtein, Eugene and Benzi, Michele},
  booktitle={Proceedings of the 18th ACM SIGKDD international conference on Knowledge discovery and data mining},
  pages={123--131},
  year={2012},
  organization={ACM}
}