@misc{ Rogers,
       author = "Justin J.J. van der Hoofta{,} Joe Wandya{,} Michael P. Barretta{,} Karl E.V. Burgessa{,} and Simon Rogers",
       title = "Topic {M}odeling for {U}ntargeted {S}ubstructure
{E}xploration in {M}etabolomics",
       year = "2016" }

@misc{ Blei,
       author = "David M. Blei{,} Andrew Y. Ng{,} and Michael I. Jordan",
       title = "Latent {D}irichlet {A}llocation",
       year = "2003" }

@misc{ Hofmann,
       author = "Thomas Hofmann",
       title = "Probabilistic {L}atent {S}emantic {I}ndexing",
       year = "1999" }

